@BOOK{Gentle2022,
  title     = "Docs like code",
  author    = "Gentle, Anne",
  publisher = "Lulu.com",
  month     =  nov,
  year      =  2022,
  address   = "Morrisville, NC"
}

@techreport{SQR-000,
  title = {The LSST DM Technical Note Publishing Platform},
  author = {{Sick}, Jonathan},
  month = nov,
  year = 2015,
  institution = {Rubin Observatory},
  type = {SQuaRE Technical Note},
  number = {{SQR-000}},
  url = {https://sqr-000.lsst.io/}

}

@techreport{SQR-006,
  title = "The LSST the Docs Platform for Continuous Documentation Delivery",
  author = {{Sick}, Jonathan},
  month = july,
  year = 2016,
  institution = {Rubin Observatory},
  type = {SQuaRE Technical Note},
  number = {{SQR-006}},
  url = {https://sqr-006.lsst.io/}
}
